<record><leader>00000cas a2200000 a 4500</leader><controlfield tag="001">37184323</controlfield><controlfield tag="008">970624d19001905oruwr ne      0    0eng c</controlfield><datafield ind1=" " ind2=" " tag="010"><subfield code="a">sn 96088379 </subfield></datafield><datafield ind1=" " ind2=" " tag="040"><subfield code="a">OCN</subfield><subfield code="b">eng</subfield><subfield code="c">OCN</subfield><subfield code="d">OCLCQ</subfield><subfield code="d">ORU</subfield><subfield code="d">OCLCQ</subfield><subfield code="d">OCLCF</subfield><subfield code="d">OCLCO</subfield></datafield><datafield ind1=" " ind2=" " tag="042"><subfield code="a">pcc</subfield></datafield><datafield ind1=" " ind2=" " tag="043"><subfield code="a">n-us-or</subfield></datafield><datafield ind1="0" ind2=" " tag="130"><subfield code="a">Weekly times (Condon, Or.)</subfield></datafield><datafield ind1="1" ind2="0" tag="245"><subfield code="a">Weekly times.</subfield></datafield><datafield ind1=" " ind2=" " tag="260"><subfield code="a">Condon, Or. :</subfield><subfield code="b">Condon Pub. Co.,</subfield><subfield code="c">1900-1905.</subfield></datafield><datafield ind1=" " ind2=" " tag="300"><subfield code="a">6 v.</subfield></datafield><datafield ind1=" " ind2=" " tag="310"><subfield code="a">Weekly</subfield></datafield><datafield ind1="0" ind2=" " tag="362"><subfield code="a">Vol. 1, no. 1 (July 14, 1900)-v. 6, no. 3 (July 22, 1905).</subfield></datafield><datafield ind1=" " ind2=" " tag="530"><subfield code="a">Also issued on microfilm from University of Oregon.</subfield></datafield><datafield ind1=" " ind2="0" tag="651"><subfield code="a">Condon (Or.)</subfield><subfield code="v">Newspapers.</subfield></datafield><datafield ind1=" " ind2="7" tag="655"><subfield code="a">Newspapers.</subfield><subfield code="2">fast</subfield><subfield code="0">(OCoLC)fst01423814</subfield></datafield><datafield ind1=" " ind2="7" tag="651"><subfield code="a">Oregon</subfield><subfield code="z">Condon.</subfield><subfield code="2">fast</subfield><subfield code="0">(OCoLC)fst01280553</subfield></datafield><datafield ind1=" " ind2=" " tag="752"><subfield code="a">United States</subfield><subfield code="b">Oregon</subfield><subfield code="c">Gilliam</subfield><subfield code="d">Condon.</subfield></datafield><datafield ind1="0" ind2="0" tag="785"><subfield code="t">Condon times</subfield><subfield code="w">(DLC)sn 96088377</subfield><subfield code="w">(OCoLC)37184339</subfield></datafield></record>